<?xml version="1.0" encoding="UTF-8"?><collection xmlns="http://www.loc.gov/MARC21/slim"><record><leader>00417nam--2200133-i-4500</leader><controlfield tag="001">000038802</controlfield><controlfield tag="002">20161230</controlfield><controlfield tag="005">20161230201042</controlfield><controlfield tag="008">060222s1000------------r-----000-0-eng-d</controlfield><datafield ind1=" " ind2=" " tag="080"><subfield code="a">550.4</subfield></datafield><datafield ind1=" " ind2=" " tag="100"><subfield code="a">Ricard, Pierre</subfield></datafield><datafield ind1=" " ind2=" " tag="245"><subfield code="a">Etude de l`equilibre radioactif dans quelques mineraux et minerais uraniferes par spectrometrie alpha</subfield></datafield><datafield ind1=" " ind2=" " tag="260"><subfield code="a">Nancy, Faculte Des Science De L`Univ.De Nancy, 1969. 133 P</subfield></datafield><datafield ind1=" " ind2=" " tag="852"><subfield code="a">34387</subfield></datafield></record></collection>